<?xml version="1.0" encoding="UTF-8"?><collection xmlns="http://www.loc.gov/MARC21/slim"><record><leader>00426nam--2200133-i-4500</leader><controlfield tag="001">000018027</controlfield><controlfield tag="002">20161230</controlfield><controlfield tag="005">20161230201032</controlfield><controlfield tag="008">060222s1000------------r-----000-0-eng-d</controlfield><datafield ind1=" " ind2=" " tag="245"><subfield code="a">Drake s cyclopedia of radio and electronics. a reference and instruction book</subfield></datafield><datafield ind1=" " ind2=" " tag="260"><subfield code="a">Vilmette, Illinois,   Frederick J.Drake ,1950 /Nepaginata</subfield></datafield><datafield ind1=" " ind2=" " tag="490"><subfield code="a">Drake S Practical Books Of Instruction</subfield></datafield><datafield ind1=" " ind2=" " tag="700"><subfield code="a">Manly, Harold. P</subfield></datafield><datafield ind1=" " ind2=" " tag="852"><subfield code="a">1078</subfield></datafield></record></collection>